@book{nov2006,
author={Novotny,Lukas and Hecht,Bert},
year=2006,
title={Principles of Nano-Optics},
publisher={Cambridge University Press},
language={English},
url = {https://www.photonics.ethz.ch/fileadmin/user_upload/Courses/NanoOptics/}
}
@article{backer2014,
author = {Backer, Adam S. and Moerner, W. E.},
title = {Extending Single-Molecule Microscopy Using Optical {F}ourier Processing},
journal = {J. Phys. Chem. B},
volume = {118},
number = {28},
pages = {8313-8329},
year = {2014},
doi = {10.1021/jp501778z},
URL = {http://dx.doi.org/10.1021/jp501778z},
eprint = {http://dx.doi.org/10.1021/jp501778z}
}


@Book{goodman1996,
      author = "Goodman, J.W.",
      title = "Introduction to Fourier Optics",
      publisher = "McGraw-Hill",
      year = 1996,
      edition = {2nd},}
      
@book{mertz2009,
  title={Introduction to Optical Microscopy},
  author={Mertz, J.},
  isbn={9780981519487},
  lccn={2009011172},
  year={2009},
  publisher={W. H. Freeman}
}

@Book{papoulis2002,
  Author         = "A. {Papoulis} and S.~U. {Pillai}",
  Title          = "{Probability, Random Variables, and Stochastic
                   Processes}",
  Publisher      = "McGraw-Hill Higher Education",
  Edition        = "4",
  booktitle      = "Probability, Random Variables, and Stochastic
                   Processes, Fourth Edition, by Athanasios Papoulis and
                   S.~Unnikrishna Pillai.~ISBN
                   978-0-07-366011-0.~Published by McGraw-Hill Higher
                   Education (a division of McGraw-Hill Companies), New
                   York, NY USA, 2002.",
  keywords       = "Probabilities.~Random variables.~Stochastic processes.",
  localfile      = "file:///d0/bosmanoglu/ownCloud/Papers/Papoulis,
                   A./Probability Random Variables and Stochastic
                   Processes.pdf",
  year           = 2002
}

@book{poul1998,
  title={Handbook of Formulas and Tables for Signal Processing},
  author={Poularikas, A.},
  isbn={9780849385797},
  lccn={98010347},
  series={Electrical Engineering Handbook},
  url={https://books.google.com/books?id=bLgxnwEACAAJ},
  year={1998},
  publisher={CRC-Press}
}

@misc{wiener,
  howpublished = "\url{http://mathworld.wolfram.com/Wiener-KhinchinTheorem.html}",
}

@book{barrett2004,
  title={Foundations of Image Science},
  author={Barrett, H.H. and Myers, K.J.},
  isbn={9780471153009},
  lccn={2003019191},
  series={Wiley series in pure and applied optics},
  url={https://books.google.com/books?id=pHBTAAAAMAAJ},
  year={2004},
  publisher={Wiley-Interscience}
}
