@book{arfken,
author = "Arfken, George B. and Weber, Hans J.  and Harris, Frank E. ",
title = "Mathematical Methods for Physicists (Seventh Edition) ",
publisher = "Academic Press",
edition = "Seventh Edition",
address = "Boston",
year = "2013",
pages = "i - ii",
isbn = "978-0-12-384654-9",
doi = "https://doi.org/10.1016/B978-0-12-384654-9.00030-X",
url = "https://www.sciencedirect.com/science/article/pii/B978012384654900030X",
key = "tagkey2013i"
}

@article{sloan,
 author = {Sloan, Peter-Pike and Kautz, Jan and Snyder, John},
 title = {Precomputed Radiance Transfer for Real-time Rendering in Dynamic, Low-frequency Lighting Environments},
 journal = {ACM Trans. Graph.},
 issue_date = {July 2002},
 volume = {21},
 number = {3},
 month = jul,
 year = {2002},
 issn = {0730-0301},
 pages = {527--536},
 numpages = {10},
 url = {http://doi.acm.org/10.1145/566654.566612},
 doi = {10.1145/566654.566612},
 acmid = {566612},
 publisher = {ACM},
 address = {New York, NY, USA},
 keywords = {Monte Carlo techniques, graphics hardware, illumination, rendering, shadow algorithms},
} 

@book{barrett,
  title={Foundations of image science},
  author={Barrett, H.H. and Myers, K.J.},
  isbn={9780471153009},
  lccn={2003019191},
  series={Wiley series in pure and applied optics},
  url={https://books.google.com/books?id=pHBTAAAAMAAJ},
  year={2004},
  publisher={Wiley-Interscience}
}

@article{chandler,
author = {Talon Chandler and Shalin Mehta and Hari Shroff and Rudolf Oldenbourg and Patrick J. La Rivi\`{e}re},
journal = {Opt. Express},
keywords = {Imaging systems; Microscopy; Fluorescence microscopy; Three-dimensional microscopy; Polarization; Polarization-selective devices},
number = {25},
pages = {31309--31325},
publisher = {OSA},
title = {Single-fluorophore orientation determination with multiview polarized illumination: modeling and microscope design},
volume = {25},
month = {Dec},
year = {2017},
url = {http://www.opticsexpress.org/abstract.cfm?URI=oe-25-25-31309},
doi = {10.1364/OE.25.031309},
}

