@article{sloan,
 author = {Sloan, Peter-Pike and Kautz, Jan and Snyder, John},
 title = {Precomputed Radiance Transfer for Real-time Rendering in Dynamic, Low-frequency Lighting Environments},
 journal = {ACM Trans. Graph.},
 issue_date = {July 2002},
 volume = {21},
 number = {3},
 month = jul,
 year = {2002},
 issn = {0730-0301},
 pages = {527--536},
 numpages = {10},
 url = {http://doi.acm.org/10.1145/566654.566612},
 doi = {10.1145/566654.566612},
 acmid = {566612},
 publisher = {ACM},
 address = {New York, NY, USA},
 keywords = {Monte Carlo techniques, graphics hardware, illumination, rendering, shadow algorithms},
} 

@book{barrett,
  title={Foundations of image science},
  author={Barrett, H.H. and Myers, K.J.},
  isbn={9780471153009},
  lccn={2003019191},
  series={Wiley series in pure and applied optics},
  url={https://books.google.com/books?id=pHBTAAAAMAAJ},
  year={2004},
  publisher={Wiley-Interscience}
}

@article{chandler,
author = {Talon Chandler and Shalin Mehta and Hari Shroff and Rudolf Oldenbourg and Patrick J. La Rivi\`{e}re},
journal = {Opt. Express},
keywords = {Imaging systems; Microscopy; Fluorescence microscopy; Three-dimensional microscopy; Polarization; Polarization-selective devices},
number = {25},
pages = {31309--31325},
publisher = {OSA},
title = {Single-fluorophore orientation determination with multiview polarized illumination: modeling and microscope design},
volume = {25},
month = {Dec},
year = {2017},
url = {http://www.opticsexpress.org/abstract.cfm?URI=oe-25-25-31309},
doi = {10.1364/OE.25.031309},
}

@Article{wu2017,
author={Wu, Yicong
and Kumar, Abhishek
and Smith, Corey
and Ardiel, Evan
and Chandris, Panagiotis
and Christensen, Ryan
and Rey-Suarez, Ivan
and Guo, Min
and Vishwasrao, Harshad D.
and Chen, Jiji
and Tang, Jianyong
and Upadhyaya, Arpita
and Patrick J. La Rivi\`{e}re
and Shroff, Hari},
title={Reflective imaging improves spatiotemporal resolution and collection efficiency in light sheet microscopy},
journal={Nature Communications},
year={2017},
volume={8},
number={1},
pages={1452},
issn={2041-1723},
doi={10.1038/s41467-017-01250-8},
url={https://doi.org/10.1038/s41467-017-01250-8}
}


@article {weiss1999,
	author = {Weiss, Shimon},
	title = {Fluorescence Spectroscopy of Single Biomolecules},
	volume = {283},
	number = {5408},
	pages = {1676--1683},
	year = {1999},
	doi = {10.1126/science.283.5408.1676},
	publisher = {American Association for the Advancement of Science},
	issn = {0036-8075},
	URL = {http://science.sciencemag.org/content/283/5408/1676},
	eprint = {http://science.sciencemag.org/content/283/5408/1676.full.pdf},
	journal = {Science}
}

